<record><leader>00000cas a22000007a 4500</leader><controlfield tag="001">27954473</controlfield><controlfield tag="008">930420c19939999mouwr ne      0    0eng d</controlfield><datafield ind1=" " ind2=" " tag="010"><subfield code="a">sn 93060171 </subfield></datafield><datafield ind1=" " ind2=" " tag="040"><subfield code="a">MQN</subfield><subfield code="b">eng</subfield><subfield code="c">MQN</subfield><subfield code="d">OCLCQ</subfield></datafield><datafield ind1=" " ind2=" " tag="042"><subfield code="a">msc</subfield></datafield><datafield ind1="0" ind2=" " tag="130"><subfield code="a">News record (Oak Grove, Mo.)</subfield></datafield><datafield ind1="1" ind2="4" tag="245"><subfield code="a">The news record.</subfield></datafield><datafield ind1=" " ind2=" " tag="260"><subfield code="a">Oak Grove, Mo. :</subfield><subfield code="b">Ink &amp; Graphics,</subfield><subfield code="c">1993-</subfield></datafield><datafield ind1=" " ind2=" " tag="300"><subfield code="a">v.</subfield></datafield><datafield ind1=" " ind2=" " tag="310"><subfield code="a">Weekly</subfield></datafield><datafield ind1="0" ind2=" " tag="362"><subfield code="a">Vol. 102, no. 21 (Mar. 25, 1993)-</subfield></datafield><datafield ind1=" " ind2="4" tag="651"><subfield code="a">Oak Grove (Mo.)</subfield><subfield code="v">Newspapers.</subfield></datafield><datafield ind1=" " ind2="4" tag="651"><subfield code="a">Grain Valley (Mo.)</subfield><subfield code="v">Newspapers.</subfield></datafield><datafield ind1=" " ind2=" " tag="752"><subfield code="a">United States</subfield><subfield code="b">Missouri</subfield><subfield code="c">Jackson</subfield><subfield code="d">Oak Grove.</subfield></datafield><datafield ind1=" " ind2=" " tag="752"><subfield code="a">United States</subfield><subfield code="b">Missouri</subfield><subfield code="c">Jackson</subfield><subfield code="d">Grain Valley.</subfield></datafield><datafield ind1="0" ind2="0" tag="780"><subfield code="t">Banner (Oak Grove, Mo.)</subfield><subfield code="w">(DLC)sn 89066266</subfield></datafield></record>